@misc{HorakMartin,
title = {Návrh informačního systému},
author = {Horák, Martin},
keywords = {informační systémy in; bakalářské práce; návrh informačních systémů; PHP; Apache; MySQL; DFD diagramy; ER diagram; databáze},
abstract = {Cílem této bakalářské práce je návrh informačního systému, zaměřujícího se na rezervování termínů. Informační systém je navrţen ve spolupráci se společností ARTiiS GROUP a. s.},
publisher = {Vysoké učení technické v Brně. Fakulta podnikatelská},
year = {2011},
}

@misc{KucharKarel,
title = {Bezpečnost operačních systémů},
author = {Kuchař, Karel},
keywords = {operační systémy vt; komunikace ev; informatika ma; bakalářské práce; bezpečnost; operační systémy; antivirus; firewall; šifrování; IDS},
abstract = {Bakalářská práce se zabývá bezpečností operačních systémů, na kterou je kladen stále větší důraz. Nejprve je věnována pozornost na základní zásady bezpečnosti operačních systémů. Dále jsou čtenáři přiblíženy jednotlivé prvky, které napomáhají tvořit komunikaci na internetu bezpečnou. V třetí kapitole jsou rozebrány z pohledu bezpečnosti nejpoužívanější operační systémy a popsány jejich nejběžnější zranitelnosti. Další kapitola se věnuje jednotlivým scénářům, ve kterých je definováno, jak vhodně nastavit jednotlivé prvky systému, tak aby byl operační systém bezpečný a také jsou použity aplikace, které slouží ke zvýšení bezpečnosti systému. Bezpečnostní scénáře jsou vytvořeny pro osobní počítat, server a webový server. V páté kapitole jsou jednotlivé scénáře aplikovány na stroje, které jsou virtualizovány. K otestování zvoleného zabezpečení byly jednotlivé stroje vystaveny penetračnímu testování. Poté je rozebráno, jak jednotlivé prvky systémů reagovaly a zaznamenaly probíhající penetrační testování. Posléze je provedeno vyhodnocení zvoleného zabezpečení a je doporučen další postup. Tato bakalářská práce si klade za cíl seznámit čtenáře s problematikou bezpečnosti operačních systémů a důležitostí implementace bezpečnostních opatření.},
publisher = {Vysoké učení technické v Brně. Fakulta elektrotechniky a komunikačních technologií},
year = {2018},
}

@misc{RagasLudek,
title = {Umělá inteligence},
author = {Ragas, Luděk},
keywords = {umělá inteligence vt; neuronové sítě vt; informatika ma; bakalářské práce; umělá inteligence; UI; historie umělé inteligence; Turingův test; neuronová sít; expertní systém; genetický algoritmus; budoucnost umělé inteligence; společnost; vyhynutí lidstva; superinteligence},
abstract = {Cílem této bakalářské práce je poskytnout náhled do rozsáhlého oboru umělé inteligence. Téze nejprve poskytuje definici umělé inteligence a krátký přehled její historie. Poté práce stručně popisuje technologie umělé inteligence, jako jsou neuronové sítě, expertní systémy a genetické algoritmy. Na závěr téze popisuje vliv umělé inteligence na společnost a její pozici v ní.},
publisher = {Vysoké učení technické v Brně. Fakulta elektrotechniky a komunikačních technologií},
year = {2017},
}

@misc{HrabanVaclav,
title = {Nová řešení informační podpory pro řízení věřejné správy},
author = {Hrabaň, Václav and Šimonová, Stanislava},
keywords = {Informační Systémy ; Management ; Veřejná Správa},
issn = {1211-555X},
abstract = {The start of new era of information society is expected in close future. Also it would be connected with reformation of public administration mainly in the area of informatics. There are phased in information systems in public administration. Information systems could be supported by additional information technologies mainly for decision support at the control domain. Method of Balanced Scorecard seems to be very convenient for support of top management in organizations. If first-rate implementation of Balanced Scorecard method is done efficiency of work of public administration authorities could be rapidly increased.},
journal = {Scientific papers of the University of Pardubice},
publisher = {Univerzita Pardubice},
year = {1999},
}

